@BOOK{CompGraphicsOpenGL,
	title = "Computer Graphics with Open GL",
	publisher = "PEARSON",
	author = "Hearn Baker Carithers",
	year = "2014",
	edition = "4th"
}

@BOOK{GraphicsReality,
	title = "Γραφικά και εικονική πραγματικότητα",
	publisher = "ΣΕΑΒ",
	author = "Κωνσταντίνος Μουστάκας, Ιωάννης Παλιόκας, Θάνος Τσακίρης, Δημήτριος Τζοβάρας",
	year = "2015"
}

@misc{glfw,
  author = "glfw development team",
  title = "glfw an OpenGl library",
  howpublished = "\url{https://www.glfw.org/}"
}

@misc{learnopengl,
  author = " Joey de Vries",
  title = "learn OpenGl",
  howpublished = "\url{https://learnopengl.com/}"
}